<record><leader>00000cas a22000007a 4500</leader><controlfield tag="001">9802544</controlfield><controlfield tag="008">830811d18731873nyuwr ne      0    0eng d</controlfield><controlfield tag="009">3781</controlfield><datafield ind1=" " ind2=" " tag="010"><subfield code="a">sn 83031160 </subfield></datafield><datafield ind1=" " ind2=" " tag="040"><subfield code="a">NPU</subfield><subfield code="b">eng</subfield><subfield code="c">NPU</subfield><subfield code="d">NPX</subfield><subfield code="d">NYG</subfield><subfield code="d">NYS</subfield><subfield code="d">OCLCQ</subfield></datafield><datafield ind1="1" ind2=" " tag="029"><subfield code="a">AU@</subfield><subfield code="b">000020385318</subfield></datafield><datafield ind1=" " ind2=" " tag="042"><subfield code="a">msc</subfield></datafield><datafield ind1="0" ind2="0" tag="245"><subfield code="a">Ithaca weekly Democrat.</subfield></datafield><datafield ind1=" " ind2=" " tag="260"><subfield code="a">Ithaca, N.Y. :</subfield><subfield code="b">Spencer &amp; Williams</subfield></datafield><datafield ind1=" " ind2=" " tag="300"><subfield code="a">v. ;</subfield><subfield code="c">68 cm.</subfield></datafield><datafield ind1=" " ind2=" " tag="310"><subfield code="a">Weekly</subfield></datafield><datafield ind1="0" ind2=" " tag="362"><subfield code="a">Vol. 11, no. 1 (Jan. 2, 1873)-v. 11, no. 52 (Dec. 25, 1873).</subfield></datafield><datafield ind1=" " ind2="4" tag="651"><subfield code="a">Ithaca (N.Y.)</subfield><subfield code="v">Newspapers.</subfield></datafield><datafield ind1=" " ind2=" " tag="752"><subfield code="a">United States</subfield><subfield code="b">New York</subfield><subfield code="c">Tompkins</subfield><subfield code="d">Ithaca.</subfield></datafield><datafield ind1="0" ind2=" " tag="775"><subfield code="t">Ithaca daily Democrat (Ithaca, N.Y. : 1873)</subfield><subfield code="w">(DLC)sn 83031161</subfield></datafield><datafield ind1="0" ind2="0" tag="780"><subfield code="t">Ithaca Democrat (Ithaca, N.Y. : 1867)</subfield><subfield code="w">(DLC)sn 88075725</subfield></datafield><datafield ind1="0" ind2="0" tag="785"><subfield code="t">Ithaca Democrat (Ithaca, N.Y. : 1874)</subfield><subfield code="w">(DLC)sn 84031652</subfield></datafield></record>